<record><leader>00000cas a22000007a 4500</leader><controlfield tag="001">34046997</controlfield><controlfield tag="008">960117d19931998akusr ne      0    0eng d</controlfield><datafield ind1=" " ind2=" " tag="010"><subfield code="a">sn 95060100 </subfield></datafield><datafield ind1=" " ind2=" " tag="040"><subfield code="a">ANE</subfield><subfield code="b">eng</subfield><subfield code="c">ANE</subfield><subfield code="d">OCLCQ</subfield><subfield code="d">DLC</subfield><subfield code="d">ALK</subfield><subfield code="d">OCLCF</subfield></datafield><datafield ind1="1" ind2=" " tag="029"><subfield code="a">AU@</subfield><subfield code="b">000012204401</subfield></datafield><datafield ind1=" " ind2=" " tag="042"><subfield code="a">msc</subfield></datafield><datafield ind1="0" ind2="0" tag="245"><subfield code="a">Interior echo.</subfield></datafield><datafield ind1=" " ind2=" " tag="260"><subfield code="a">Aniak, Alaska :</subfield><subfield code="b">Elaine Albertson,</subfield><subfield code="c">1993-</subfield></datafield><datafield ind1=" " ind2=" " tag="300"><subfield code="a">v.</subfield></datafield><datafield ind1=" " ind2=" " tag="310"><subfield code="a">Semimonthly</subfield></datafield><datafield ind1="0" ind2=" " tag="362"><subfield code="a">Vol. 5, no. 6 (week of Apr. 12-Apr. 16, 1993)-v. 10, no. 14 (Sept. 28, 1998).</subfield></datafield><datafield ind1=" " ind2=" " tag="500"><subfield code="a">"Serving the interior rivers communities."</subfield></datafield><datafield ind1=" " ind2="0" tag="651"><subfield code="a">Aniak (Alaska)</subfield><subfield code="v">Newspapers.</subfield></datafield><datafield ind1=" " ind2="7" tag="655"><subfield code="a">Newspapers.</subfield><subfield code="2">fast</subfield><subfield code="0">(OCoLC)fst01423814</subfield></datafield><datafield ind1=" " ind2="7" tag="651"><subfield code="a">Alaska</subfield><subfield code="z">Aniak.</subfield><subfield code="2">fast</subfield><subfield code="0">(OCoLC)fst01299142</subfield></datafield><datafield ind1=" " ind2=" " tag="752"><subfield code="a">United States</subfield><subfield code="b">Alaska</subfield><subfield code="d">Aniak.</subfield></datafield><datafield ind1="0" ind2="0" tag="780"><subfield code="t">Aniak paper</subfield><subfield code="w">(DLC)sn 95060099</subfield><subfield code="w">(OCoLC)34046995</subfield></datafield></record>